@book{IMB-Analytics,
	author    = {IMB-Analytics},
	title     = {Metodología Fundamental
		para la Ciencia de Datos},
	publisher = {© Copyright IBM Corporation 2015},
	year      = {2015},
	address   = {Estados unidos}
}


@book{Korth-2007,
	author    = {Korth Sudarshan},
	title     = {Fundamentos de Bases de Datos},
	publisher = {McGraw-Hill/Interamericana},
	year      = {2006},
	address   = {Madrid},
	edition   = {Quinta Edición},
	isbn      = {84-481-4644-1}
}
